<record><leader>00000cas a22000007a 4500</leader><controlfield tag="001">16151387</controlfield><controlfield tag="008">870709d19031938iauwr ne      0    0eng d</controlfield><datafield ind1=" " ind2=" " tag="010"><subfield code="a">sn 87058470 </subfield></datafield><datafield ind1=" " ind2=" " tag="040"><subfield code="a">INP</subfield><subfield code="b">eng</subfield><subfield code="c">INP</subfield><subfield code="d">OCLCQ</subfield></datafield><datafield ind1=" " ind2=" " tag="042"><subfield code="a">msc</subfield></datafield><datafield ind1="0" ind2=" " tag="130"><subfield code="a">Forest City summit (Forest City, Iowa : 1903)</subfield></datafield><datafield ind1="1" ind2="0" tag="245"><subfield code="a">Forest City summit.</subfield></datafield><datafield ind1=" " ind2=" " tag="260"><subfield code="a">Forest City, Iowa :</subfield><subfield code="b">C.S. Relyea,</subfield><subfield code="c">-1938.</subfield></datafield><datafield ind1=" " ind2=" " tag="300"><subfield code="a">v.</subfield></datafield><datafield ind1=" " ind2=" " tag="310"><subfield code="a">Weekly</subfield></datafield><datafield ind1="1" ind2=" " tag="362"><subfield code="a">Began in Sept. 1903.</subfield></datafield><datafield ind1="0" ind2=" " tag="362"><subfield code="a">-v. 72, no. 43 (Oct. 27, 1938).</subfield></datafield><datafield ind1=" " ind2=" " tag="500"><subfield code="a">Publisher varies.</subfield></datafield><datafield ind1=" " ind2=" " tag="588"><subfield code="a">Description based on: 36th year, no. 41 (Sept. 24, 1903).</subfield></datafield><datafield ind1=" " ind2=" " tag="752"><subfield code="a">United States</subfield><subfield code="b">Iowa</subfield><subfield code="c">Winnebago</subfield><subfield code="d">Forest City.</subfield></datafield><datafield ind1="0" ind2="0" tag="780"><subfield code="t">Winnebago summit</subfield><subfield code="w">(DLC)sn 84038166</subfield></datafield><datafield ind1="0" ind2="5" tag="780"><subfield code="t">Independent (Forest City, Iowa)</subfield><subfield code="w">(DLC)sn 87057769</subfield></datafield><datafield ind1="0" ind2="7" tag="785"><subfield code="t">Winnebago Republican</subfield><subfield code="w">(DLC)sn 87058472</subfield></datafield><datafield ind1="0" ind2="7" tag="785"><subfield code="t">Winnebago-Hancock summit and the Forest City independent and the Winnebago Republican merged</subfield><subfield code="w">(DLC)sn 87057680</subfield></datafield></record>